
@inproceedings{Baudin2021,
 title={Linear algebra of linear and nonlinear {Bayesian} calibration},
 author={Baudin, Michaël and Lebrun, Régis},
 year={2021},
 booktitle = {UNCECOMP 2021},
 pages = {339--353},
 organization = "4th ECCOMAS Thematic Conference on Uncertainty Quantification in Computational Sciences and Engineering M. Papadrakakis, V. Papadopoulos, G. Stefanou (eds.) Streamed from Athens, Greece, 28-30 June 2021",
}

@Book{Bjorck1996,
  author =   {Ake Björck},
  title =    {Numerical Methods for Least Squares Problems},
  publisher =    {Society for Industrial Applied Mathematics},
  year =     {1996},
}

@INPROCEEDINGS{Hansen00thelcurve,
    author = {P. C. Hansen},
    title = {The {L}-Curve and its Use in the Numerical Treatment of Inverse Problems},
    booktitle = {in Computational Inverse Problems in Electrocardiology, ed. P. Johnston, Advances in Computational Bioengineering},
    year = {2000},
    pages = {119--142},
    publisher = {WIT Press}
}

@article{trucano2006calibration,
  title={Calibration, validation, and sensitivity analysis: What's what},
  author={Trucano, Timothy G and Swiler, Laura Painton and Igusa, Takera and Oberkampf, William L and Pilch, Martin},
  journal={Reliability Engineering \& System Safety},
  volume={91},
  number={10-11},
  pages={1331--1357},
  year={2006},
  publisher={Elsevier}
}

@techreport{Blanchard2020,
author = {Jean-Baptiste Blanchard and Guillaume Damblin and Michaël Baudin},
title = {Introduction aux problèmes de calibration de paramètres.},
year = {2020}, 
institution = {I3P, EDF R\&D et CEA}, 
}

@book{Evensen2009,
title = {Data Assimilation - The Ensemble {Kalman} Filter},
author = {Geir Evensen},
year = {2009},
publisher = {SIAM}
}

@book{Tarantola2005,
    author       = "Albert Tarantola",
    title        = "Inverse problem theory",
    year         = "2005",
    publisher    = "SIAM",
}

@book{Asch2016,
  title={Data assimilation. Methods, algorithms and applications.},
  author={Asch, Mark and Bocquet, Marc and Nodet, Maëlle},
  year={2016},
  publisher={SIAM}
}


@Inbook{Baudin2016,
author="Baudin, Micha{\"e}l and Dutfoy, Anne and Iooss, Bertrand and Popelin, Anne-Laure",
title="{OpenTURNS}: An Industrial Software for Uncertainty Quantification in Simulation. In: Ghanem R., Higdon D., Owhadi H. (eds) Handbook of Uncertainty Quantification.",
year="2016",
publisher="Springer International Publishing",
address="Cham",
pages="1--38",
isbn="978-3-319-11259-6",
doi="10.1007/978-3-319-11259-6_64-1",
url="https://doi.org/10.1007/978-3-319-11259-6_64-1"
}

@techreport{BaudinMethodes2020,
author = {Michaël Baudin and Régis Lebrun},
title = {Méthodes de calage : algorithmes mathématiques et implémentation dans {OpenTURNS}.},
year = {2020}, 
institution = {EDF R\&D}, 
number={6125-3119-2020-02448-FR}
}

@techreport{BaudinMethodes2022,
author = {Michaël Baudin},
title = {Méthodes de calage : algorithmes mathématiques avancés et implémentation dans {OpenTURNS}.},
year = {2022}, 
institution = {EDF R\&D}, 
number={6125-3119-2022-00175-FR}
}

@techreport{garbow1980implementation,
  title={Implementation guide for {MINPACK}-1.},
  author={Garbow, Burton S. and Hillstrom, Kenneth E. and More, Jorge J.},
  year={1980},
  institution={Argonne National Lab., IL (USA)}
}

@book{kern2016methodes,
  title={M{\'e}thodes num{\'e}riques pour les problemes inverses},
  author={Kern, Michel},
  year={2016},
  publisher={ISTE Group}
}


@book{lawson1995solving,
  title={Solving least squares problems},
  author={Lawson, Charles L. and Hanson, Richard J.},
  year={1995},
  publisher={SIAM}
}

@book{idier2013bayesian,
  title={Bayesian approach to inverse problems},
  author={Idier, J{\'e}r{\^o}me},
  year={2013},
  publisher={John Wiley \& Sons}
}

@book{hansen2013least,
  title={Least squares data fitting with applications},
  author={Hansen, Per Christian and Pereyra, Victor and Scherer, Godela},
  year={2013},
  publisher={JHU Press}
}
