@techreport{BaudinSouille2020,
  author      = "Michaël Baudin and Fabien Souillé",
  title       = "Métamodélisation de la température de l'eau dans l’estuaire de la {Gironde}",
  institution = "EDF R\&D",
  year        = "2020",
  number = "6125-3119-2020-03392-FR"
}

@techreport{Dutfoy2017,
  title={Méta modélisation et analyse de sensibilité de données fonctionnelles},
  author={Anne-Hélène Dutfoy and Régis Lebrun},
  year={2017},
  institution={EDF R\&D, Airbus Group Innovation},
  number={6125-1612-2017-01470-FR}
}

@article{blatman2011adaptive,
  title={Adaptive sparse polynomial chaos expansion based on least angle regression},
  author={Blatman, G{\'e}raud and Sudret, Bruno},
  journal={Journal of computational Physics},
  volume={230},
  number={6},
  pages={2345--2367},
  year={2011},
  publisher={Elsevier}
}

@book{LeMaitre2010,
    title={Spectral methods for uncertainty quantification},
    author={O.P Le Maître and O.M.Knio},
    year={2010},
    publisher={Springer}
}

@book{ghanem2003stochastic,
  title={Stochastic finite elements: a spectral approach},
  author={Ghanem, Roger G and Spanos, Pol D},
  year={2003},
  publisher={Courier Corporation}
}

@article{xiu2002wiener,
  title={The Wiener--Askey polynomial chaos for stochastic differential equations},
  author={Xiu, Dongbin and Karniadakis, George Em},
  journal={SIAM journal on scientific computing},
  volume={24},
  number={2},
  pages={619--644},
  year={2002},
  publisher={SIAM}
}

@book{Sullivan2015,
    title={Introduction to Uncertainty Quantification},
    author={T.J. Sullivan},
    year={2015},
    publisher={Springer International Publishing Switzerland}
}

@inproceedings{souille2020multi,
  title={A Multi-class Frazil Ice Model for Shallow Water Flows},
  author={Souill{\'e}, Fabien and Taccone, Florent and El Mertahi, Chaymae},
  booktitle={Online proceedings of the papers submitted to the 2020 TELEMAC-MASCARET User Conference October 2020},
  pages={122--129},
  year={2020}
}

@misc{wikiFrazil,
   author = "Wikimedia Commons",
   title = "{File: Frazil ice in Yosemite Creek.png --- Wikimedia Commons{,} the free media repository}",
   year = "2020",
   url = "https://commons.wikimedia.org/w/index.php?title=File:Frazil_ice_in_Yosemite_Creek.png&oldid=497799106",
   note = "[Online; accessed 1-June-2021]"
 }

@unpublished{Schmidt2014,
  author = {Sabine Schmidt},
  title = {Le réseau {MAGEST} en {Gironde} : retour d'expérience de 10 ans de suivi haute-fréquence de 
          la qualité des eaux de l'estuaire de la {Gironde}},
  year={2014},
  note={\url{somlit.epoc.u-bordeaux1.fr}}
}

@Inbook{Baudin2016,
author="Baudin, Micha{\"e}l and Dutfoy, Anne and Iooss, Bertrand  and Popelin, Anne-Laure",
editor="Ghanem, Roger and Higdon, David and Owhadi, Houman",
title="OpenTURNS: An Industrial Software for Uncertainty Quantification in Simulation",
bookTitle="Handbook of Uncertainty Quantification",
year="2016",
publisher="Springer International Publishing",
address="Cham",
pages="1--38",
isbn="978-3-319-11259-6",
doi="10.1007/978-3-319-11259-6_64-1",
url="https://doi.org/10.1007/978-3-319-11259-6_64-1"
}

@unpublished{MetamodelFieldOT,
    author = {{OpenTURNS Consortium}},
    title = {Metamodel of a field function},
	year = {2021}, 
    note= {\url{http://openturns.github.io/openturns/master/auto_meta_modeling/fields_metamodels/plot_fieldfunction_metamodel.html}}
}
