@article{gretton2005,
  title={Measuring statistical dependence with Hilbert-Schmidt norms},
  author={Gretton, Arthur and Bousquet, Olivier and Smola, Alex and Sch{\"o}lkopf, Bernhard},
  journal={International conference on algorithmic learning theory},
  pages={63--77},
  year={2005},
  publisher={Springer, Berlin, Heidelberg}
}

@article{daveiga2015,
  title={Global sensitivity analysis with dependence measures},
  author={Da Veiga, S.},
  journal={Journal of Statistical Computation and Simulation},
  volume={85},
  number={7},
  pages={1283--1305},
  year={2015}
}

@article{pebay2008,
  title={Formulas for robust, one-pass parallel computation of covariances and arbitrary order statistical moments},
  author={P\'ebay, P.},
  journal={Sandia Report SAND2008-6212},
  volume={94},
  year={2008}
}

@unpublished{meng2015,
  author = {Meng, X.},
  note   = {arXiv:1510.04923},
  title  = {Simpler online updates for arbitrary-order central moments},
  year   = {2015}
}
